% This file was created with JabRef 2.9.2.
% Encoding: UTF-8

@INPROCEEDINGS{paper,
  author = {Benjamin J. Mcmahan and Guoqiang Pan and Patrick Porter and Moshe
	Y. Vardi},
  title = {Projection Pushing Revisited},
  booktitle = {In Proc of EDBTâ€™04},
  year = {2004},
  pages = {441--458}
}

